00564cas a22002171a 4500
001 9917737233502836
003 Nz
005 20220222121025.0
008 031218m19059999nz  x ne      000 a0eng d
035    $a (Nz)8131118
035    $a (NLNZils)1773723-ilsdb
040    $a WN $c WN
042    $a nznb
043    $a u-nz---
245 00 $a Auckland advocate.
260    $a Auckland [N.Z.]
310    $a Frequency varies
362 0  $a 1905 Jun.3-?
500    $a "An independent Liberal newspaper".
651  0 $a Auckland (N.Z.) $v Newspapers.
655  7 $a New Zealand newspapers. $2 local $5 Nz
